@book{chapman,
  title={Fundamentos de M{\'a}quinas El{\'e}tricas - 5ed},
  author={Chapman, S.J.},
  isbn={9788580552072},
  url={https://books.google.com.br/books?id=Fyg6AgAAQBAJ},
  year={2013},
  publisher={AMGH Editora}
}

@MISC{weg,
  TITLE = "WEG, Guia de Especificação de Motores Elétricos",
  HOWPUBLISHED = {\url{https://static2.weg.net/medias/downloadcenter/h32/hc5/WEG-motores-eletricos-guia-de-especificacao-50032749-brochure-portuguese-web.pdf}},
  NOTE = "Acessado em 15/05/2022",
}


